%# -*- coding: utf-8-unix -*-



@inproceedings{ren2019lifelong,
  title={Lifelong Sequential Modeling with Personalized Memorization for User Response Prediction},
  author={Ren, Kan and Qin, Jiarui and Fang, Yuchen and Zhang, Weinan and Zheng, Lei and Bian, Weijie and Zhou, Guorui and Xu, Jian and Yu, Yong and Zhu, Xiaoqiang and others},
  journal={SIGIR},
  year={2019}
}

@article{he2018outer,
  title={Outer product-based neural collaborative filtering},
  author={He, Xiangnan and Du, Xiaoyu and Wang, Xiang and Tian, Feng and Tang, Jinhui and Chua, Tat-Seng},
  journal={arXiv preprint arXiv:1808.03912},
  year={2018}
}

@inproceedings{he2017neural,
  title={Neural collaborative filtering},
  author={He, Xiangnan and Liao, Lizi and Zhang, Hanwang and Nie, Liqiang and Hu, Xia and Chua, Tat-Seng},
  booktitle={WWW},
  pages={173--182},
  year={2017}
}

@article{chen2012svdfeature,
  title={SVDFeature: a toolkit for feature-based collaborative filtering},
  author={Chen, Tianqi and Zhang, Weinan and Lu, Qiuxia and Chen, Kailong and Zheng, Zhao and Yu, Yong},
  journal={Journal of Machine Learning Research},
  volume={13},
  number={Dec},
  pages={3619--3622},
  year={2012}
}

@article{blei2003latent,
  title={Latent dirichlet allocation},
  author={Blei, David M and Ng, Andrew Y and Jordan, Michael I},
  journal={Journal of machine Learning research},
  volume={3},
  number={Jan},
  pages={993--1022},
  year={2003}
}

@article{hofmann2004latent,
  title={Latent semantic models for collaborative filtering},
  author={Hofmann, Thomas},
  journal={ACM Transactions on Information Systems (TOIS)},
  volume={22},
  number={1},
  pages={89--115},
  year={2004},
  publisher={ACM}
}

@inproceedings{zhang2013optimizing,
  title={Optimizing top-n collaborative filtering via dynamic negative item sampling},
  author={Zhang, Weinan and Chen, Tianqi and Wang, Jun and Yu, Yong},
  booktitle={SIGIR},
  pages={785--788},
  year={2013},
  organization={ACM}
}

@inproceedings{yang2012local,
  title={Local implicit feedback mining for music recommendation},
  author={Yang, Diyi and Chen, Tianqi and Zhang, Weinan and Lu, Qiuxia and Yu, Yong},
  booktitle={RecSys},
  pages={91--98},
  year={2012},
  organization={ACM}
}

@inproceedings{salakhutdinov2007probabilistic,
  title={Probabilistic Matrix Factorization.},
  author={Salakhutdinov, Ruslan and Mnih, Andriy},
  booktitle={Nips},
  volume={1},
  number={1},
  pages={2--1},
  year={2007}
}

@article{koren2009matrix,
  title={Matrix factorization techniques for recommender systems},
  author={Koren, Yehuda and Bell, Robert and Volinsky, Chris and others},
  journal={Computer},
  volume={42},
  number={8},
  pages={30--37},
  year={2009},
  publisher={Institute of Electrical and Electronics Engineers, Inc., 3 Park Avenue, 17 th Fl New York NY 10016-5997 United States}
}

@article{kipf2016semi,
  title={Semi-supervised classification with graph convolutional networks},
  author={Kipf, Thomas N and Welling, Max},
  journal={arXiv preprint arXiv:1609.02907},
  year={2016}
}

@article{ren2018repeatnet,
  title={RepeatNet: A Repeat Aware Neural Recommendation Machine for Session-based Recommendation},
  author={Ren, Pengjie and Chen, Zhumin and Li, Jing and Ren, Zhaochun and Ma, Jun and de Rijke, Maarten},
  journal={arXiv preprint arXiv:1812.02646},
  year={2018}
}

@article{widmer1996learning,
  title={Learning in the presence of concept drift and hidden contexts},
  author={Widmer, Gerhard and Kubat, Miroslav},
  journal={Machine learning},
  volume={23},
  number={1},
  pages={69--101},
  year={1996},
  publisher={Springer}
}

@article{wu2019session,
  title={Session-based Recommendation with Graph Neural Networks},
  author={Wu, Shu and Tang, Yuyuan and Zhu, Yanqiao and Wang, Liang and Xie, Xing and Tan, Tieniu},
  journal={AAAI},
  year={2019}
}

@article{fadel2018link,
  title={Link Prediction in Dynamic Graphs for Recommendation},
  author={Fadel, Samuel G and Torres, Ricardo da S},
  journal={arXiv preprint arXiv:1811.07174},
  year={2018}
}

@article{van2017graph,
  title={Graph Convolutional Matrix Completion},
  author={van den Berg, Rianne and Kipf, Thomas N and Welling, Max},
  journal={stat},
  volume={1050},
  pages={7},
  year={2017}
}

@article{ying2018graph,
  title={Graph Convolutional Neural Networks for Web-Scale Recommender Systems},
  author={Ying, Rex and He, Ruining and Chen, Kaifeng and Eksombatchai, Pong and Hamilton, William L and Leskovec, Jure},
  journal={arXiv preprint arXiv:1806.01973},
  year={2018}
}

@inproceedings{talasu2017link,
  title={A link prediction based approach for recommendation systems},
  author={Talasu, Nitish and Jonnalagadda, Annapurna and Pillai, S Sai Akshaya and Rahul, Jampani},
  booktitle={Advances in Computing, Communications and Informatics (ICACCI), 2017 International Conference on},
  pages={2059--2062},
  year={2017},
  organization={IEEE}
}

@article{niu2018collaborative,
  title={Collaborative Filtering with Graph-based Implicit Feedback},
  author={Niu, Minzhe and Zhang, Weinan and Qu, Yanru and Cao, Xuezhi and Tang, Ruiming and He, Xiuqiang and Yu, Yong},
  journal={arXiv preprint arXiv:1803.03502},
  year={2018}
}

@article{goldberg1992using,
  title={Using collaborative filtering to weave an information tapestry},
  author={Goldberg, David and Nichols, David and Oki, Brian M and Terry, Douglas},
  journal={Communications of the ACM},
  volume={35},
  number={12},
  pages={61--70},
  year={1992},
  publisher={ACM}
}

@inproceedings{liu2010personalized,
  title={Personalized news recommendation based on click behavior},
  author={Liu, Jiahui and Dolan, Peter and Pedersen, Elin R{\o}nby},
  booktitle={Proceedings of the 15th international conference on Intelligent user interfaces},
  pages={31--40},
  year={2010},
  organization={ACM}
}

@inproceedings{wang2017dynamic,
  title={Dynamic attention deep model for article recommendation by learning human editors' demonstration},
  author={Wang, Xuejian and Yu, Lantao and Ren, Kan and Tao, Guanyu and Zhang, Weinan and Yu, Yong and Wang, Jun},
  booktitle={SIGKDD},
  pages={2051--2059},
  year={2017},
  organization={ACM}
}

@article{wu2018session,
  title={Session-based Recommendation with Graph Neural Networks},
  author={Wu, Shu and Tang, Yuyuan and Zhu, Yanqiao and Wang, Liang and Xie, Xing and Tan, Tieniu},
  journal={arXiv preprint arXiv:1811.00855},
  year={2018}
}

@article{zhang2017deep,
  title={Deep learning based recommender system: A survey and new perspectives},
  author={Zhang, Shuai and Yao, Lina and Sun, Aixin},
  journal={arXiv preprint arXiv:1707.07435},
  year={2017}
}

@inproceedings{cho2014learning,
  title={Learning Phrase Representations using RNN Encoder--Decoder for Statistical Machine Translation},
  author={Cho, Kyunghyun and van Merrienboer, Bart and Gulcehre, Caglar and Bahdanau, Dzmitry and Bougares, Fethi and Schwenk, Holger and Bengio, Yoshua},
  booktitle={EMNLP},
  year={2014}
}

@article{middleton2004ontological,
  title={Ontological user profiling in recommender systems},
  author={Middleton, Stuart E and Shadbolt, Nigel R and De Roure, David C},
  journal={ACM Transactions on Information Systems (TOIS)},
  year={2004}
}

@inproceedings{wang2018neural,
  title={Neural Memory Streaming Recommender Networks with Adversarial Training},
  author={Wang, Qinyong and Yin, Hongzhi and Hu, Zhiting and Lian, Defu and Wang, Hao and Huang, Zi},
  booktitle={KDD},
  year={2018}
}

@inproceedings{huang2018improving,
  title={Improving Sequential Recommendation with Knowledge-Enhanced Memory Networks},
  author={Huang, Jin and Zhao, Wayne Xin and Dou, Hongjian and Wen, Ji-Rong and Chang, Edward Y},
  booktitle={SIGIR},
  year={2018}
}

@inproceedings{chen2018sequential,
  title={Sequential recommendation with user memory networks},
  author={Chen, Xu and Xu, Hongteng and Zhang, Yongfeng and Tang, Jiaxi and Cao, Yixin and Qin, Zheng and Zha, Hongyuan},
  booktitle={WSDM},
  year={2018}
}

@inproceedings{ying2018sequential,
  title={Sequential Recommender System based on Hierarchical Attention Networks},
  author={Ying, Haochao and Zhuang, Fuzhen and Zhang, Fuzheng and Liu, Yanchi and Xu, Guandong and Xie, Xing and Xiong, Hui and Wu, Jian},
  booktitle={IJCAI},
  year={2018}
}

@inproceedings{kabbur2013fism,
  title={Fism: factored item similarity models for top-n recommender systems},
  author={Kabbur, Santosh and Ning, Xia and Karypis, George},
  booktitle={KDD},
  year={2013}
}

@article{zhang2018next,
  title={Next Item Recommendation with Self-Attention},
  author={Zhang, Shuai and Tay, Yi and Yao, Lina and Sun, Aixin},
  journal={RecSys},
  year={2018}
}

@article{gai2017learning,
  title={Learning Piece-wise Linear Models from Large Scale Data for Ad Click Prediction},
  author={Gai, Kun and Zhu, Xiaoqiang and Li, Han and Liu, Kai and Wang, Zhe},
  journal={arXiv preprint arXiv:1704.05194},
  year={2017}
}

@article{guo2017deepfm,
  title={Deepfm: a factorization-machine based neural network for ctr prediction},
  author={Guo, Huifeng and Tang, Ruiming and Ye, Yunming and Li, Zhenguo and He, Xiuqiang},
  journal={arXiv preprint arXiv:1703.04247},
  year={2017}
}

@inproceedings{dupret2008user,
  title={A user browsing model to predict search engine click data from past observations.},
  author={Dupret, Georges E and Piwowarski, Benjamin},
  booktitle={SIGIR},
  year={2008}
}

@inproceedings{ahmed2011scalable,
  title={Scalable distributed inference of dynamic user interests for behavioral targeting},
  author={Ahmed, Amr and Low, Yucheng and Aly, Mohamed and Josifovski, Vanja and Smola, Alexander J},
  booktitle={KDD},
  year={2011}
}

@inproceedings{mangalampalli2011feature,
  title={A feature-pair-based associative classification approach to look-alike modeling for conversion-oriented user-targeting in tail campaigns},
  author={Mangalampalli, Ashish and Ratnaparkhi, Adwait and Hatch, Andrew O and Bagherjeiran, Abraham and Parekh, Rajesh and Pudi, Vikram},
  booktitle={WWW},
  year={2011}
}

@article{koutnik2014clockwork,
  title={A clockwork rnn},
  author={Koutnik, Jan and Greff, Klaus and Gomez, Faustino and Schmidhuber, Juergen},
  journal={ICML},
  year={2014}
}

@article{ren2018learning,
  title={Learning Multi-touch Conversion Attribution with Dual-attention Mechanisms for Online Advertising},
  author={Ren, Kan and Fang, Yuchen and Zhang, Weinan and Liu, Shuhao and Li, Jiajun and Zhang, Ya and Yu, Yong and Wang, Jun},
  journal={CIKM},
  year={2018}
}

@article{koren2009matrix,
  title={Matrix factorization techniques for recommender systems},
  author={Koren, Yehuda and Bell, Robert and Volinsky, Chris},
  journal={Computer},
  number={8},
  pages={30--37},
  year={2009},
  publisher={IEEE}
}

@article{long2018dual,
  title={Dual Memory Network Model for Biased Product Review Classification},
  author={Long, Yunfei and Ma, Mingyu and Lu, Qin and Xiang, Rong and Huang, Chu-Ren},
  journal={EMNLP},
  year={2018}
}

@inproceedings{huang2016hashtag,
  title={Hashtag recommendation using end-to-end memory networks with hierarchical attention},
  author={Huang, Haoran and Zhang, Qi and Gong, Yeyun and Huang, Xuanjing},
  booktitle={COLING},
  year={2016}
}

@article{weston2015memory,
  title={Memory Networks},
  author={Weston, Jason, Chopra, Sumit, Bordes, Antoine},
  journal={ICLR},
  year={2015}
}

@article{graves2014neural,
  title={Neural turing machines},
  author={Graves, Alex and Wayne, Greg and Danihelka, Ivo},
  journal={arXiv preprint arXiv:1410.5401},
  year={2014}
}

@inproceedings{miller2016key,
  title={Key-Value Memory Networks for Directly Reading Documents},
  author={Miller, Alexander and Fisch, Adam and Dodge, Jesse and Karimi, Amir-Hossein and Bordes, Antoine and Weston, Jason},
  booktitle={EMNLP},
  year={2016}
}

@inproceedings{kumar2016ask,
  title={Ask me anything: Dynamic memory networks for natural language processing},
  author={Kumar, Ankit and Irsoy, Ozan and Ondruska, Peter and Iyyer, Mohit and Bradbury, James and Gulrajani, Ishaan and Zhong, Victor and Paulus, Romain and Socher, Richard},
  booktitle={ICML},
  year={2016}
}

@inproceedings{sukhbaatar2015end,
  title={End-to-end memory networks},
  author={Sukhbaatar, Sainbayar and Weston, Jason and Fergus, Rob and others},
  booktitle={NIPS},
  year={2015}
}

@inproceedings{Ebesu:2018:CMN:3209978.3209991,
  author = {Ebesu, Travis and Shen, Bin and Fang, Yi},
  title = {Collaborative Memory Network for Recommendation Systems},
  booktitle = {SIGIR},
  year = {2018}
}

@article{zheng2018mars,
  title={MARS: Memory Attention-Aware Recommender System},
  author={Zheng, Lei and Lu, Chun-Ta and He, Lifang and Xie, Sihong and Noroozi, Vahid and Huang, He and Yu, Philip S},
  journal={arXiv preprint arXiv:1805.07037},
  year={2018}
}

@article{zhou2018deepb,
  title={Deep Interest Evolution Network for Click-Through Rate Prediction},
  author={Zhou, Guorui and Mou, Na and Fan, Ying and Pi, Qi and Bian, Weijie and Zhou, Chang and Zhu, Xiaoqiang and Gai, Kun},
  journal={arXiv preprint arXiv:1809.03672},
  year={2018}
}

@inproceedings{zhou2018deepa,
  title={Deep interest network for click-through rate prediction},
  author={Zhou, Guorui and Zhu, Xiaoqiang and Song, Chenru and Fan, Ying and Zhu, Han and Ma, Xiao and Yan, Yanghui and Jin, Junqi and Li, Han and Gai, Kun},
  booktitle={KDD},
  year={2018}
}

@inproceedings{zheng2017joint,
  title={Joint deep modeling of users and items using reviews for recommendation},
  author={Zheng, Lei and Noroozi, Vahid and Yu, Philip S},
  booktitle={WSDM},
  year={2017}
}

@inproceedings{wang2018attention,
  title={Attention-based transactional context embedding for next-item recommendation},
  author={Wang, Shoujin and Hu, Liang and Cao, Longbing and Huang, Xiaoshui and Lian, Defu and Liu, Wei},
  year={2018},
  organization={AAAI}
}

@article{xiao2017attentional,
  title={Attentional factorization machines: Learning the weight of feature interactions via attention networks},
  author={Xiao, Jun and Ye, Hao and He, Xiangnan and Zhang, Hanwang and Wu, Fei and Chua, Tat-Seng},
  journal={IJCAI},
  year={2017}
}

@inproceedings{chen2017attentive,
  title={Attentive collaborative filtering: Multimedia recommendation with item-and component-level attention},
  author={Chen, Jingyuan and Zhang, Hanwang and He, Xiangnan and Nie, Liqiang and Liu, Wei and Chua, Tat-Seng},
  booktitle={SIGIR},
  year={2017}
}

@article{kang2018self,
  title={Self-Attentive Sequential Recommendation},
  author={Kang, Wang-Cheng and McAuley, Julian},
  journal={ICDM},
  year={2018}
}

@inproceedings{tang2018personalized,
  title={Personalized top-n sequential recommendation via convolutional sequence embedding},
  author={Tang, Jiaxi and Wang, Ke},
  booktitle={WSDM},
  year={2018}
}

@article{villatel2018recurrent,
  title={Recurrent Neural Networks for Long and Short-Term Sequential Recommendation},
  author={Villatel, Kiewan and Smirnova, Elena and Mary, J{\'e}r{\'e}mie and Preux, Philippe},
  journal={KDD},
  year={2018}
}

@inproceedings{beutel2018latent,
  title={Latent Cross: Making Use of Context in Recurrent Recommender Systems},
  author={Beutel, Alex and Covington, Paul and Jain, Sagar and Xu, Can and Li, Jia and Gatto, Vince and Chi, Ed H},
  booktitle={WSDM},
  year={2018}
}

@inproceedings{liu2016context,
  title={Context-Aware Sequential Recommendation},
  author={Liu, Qiang and Wu, Shu and Wang, Diyi and Li, Zhaokang and Wang, Liang},
  booktitle={ICDM},
  year={2016}
}

@inproceedings{jing2017neural,
  title={Neural survival recommender},
  author={Jing, How and Smola, Alexander J},
  booktitle={WSDM},
  year={2017}
}

@inproceedings{wu2017recurrent,
  title={Recurrent recommender networks},
  author={Wu, Chao-Yuan and Ahmed, Amr and Beutel, Alex and Smola, Alexander J and Jing, How},
  booktitle={WSDM},
  year={2017}
}

@article{hidasi2017recurrent,
  title={Recurrent neural networks with top-k gains for session-based recommendations},
  author={Hidasi, Bal{\'a}zs and Karatzoglou, Alexandros},
  journal={CIKM},
  year={2018}
}

@article{hidasi2015session,
  title={Session-based recommendations with recurrent neural networks},
  author={Hidasi, Bal{\'a}zs and Karatzoglou, Alexandros and Baltrunas, Linas and Tikk, Domonkos},
  journal={ICLR},
  year={2016}
}

@inproceedings{he2016vista,
  title={Vista: a visually, socially, and temporally-aware model for artistic recommendation},
  author={He, Ruining and Fang, Chen and Wang, Zhaowen and McAuley, Julian},
  booktitle={RecSys},
  year={2016}
}

@inproceedings{he2016fusing,
  title={Fusing similarity models with markov chains for sparse sequential recommendation},
  author={He, Ruining and McAuley, Julian},
  booktitle={ICDM},
  year={2016}
}

@inproceedings{rendle2010factorizing,
  title={Factorizing personalized markov chains for next-basket recommendation},
  author={Rendle, Steffen and Freudenthaler, Christoph and Schmidt-Thieme, Lars},
  booktitle={WWW},
  year={2010}
}

@inproceedings{kabbur2013fism,
  title={Fism: factored item similarity models for top-n recommender systems},
  author={Kabbur, Santosh and Ning, Xia and Karypis, George},
  booktitle={Proceedings of the 19th ACM SIGKDD international conference on Knowledge discovery and data mining},
  pages={659--667},
  year={2013},
  organization={ACM}
}

@inproceedings{koren2009collaborative,
  title={Collaborative filtering with temporal dynamics},
  author={Koren, Yehuda},
  booktitle={KDD},
  year={2009}
}

@article{luo2017neural,
  title={A neural stochastic volatility model},
  author={Luo, Rui and Zhang, Weinan and Xu, Xiaojun and Wang, Jun},
  journal={arXiv preprint arXiv:1712.00504},
  year={2017}
}

@inproceedings{chung2015recurrent,
  title={A recurrent latent variable model for sequential data},
  author={Chung, Junyoung and Kastner, Kyle and Dinh, Laurent and Goel, Kratarth and Courville, Aaron C and Bengio, Yoshua},
  booktitle={Advances in neural information processing systems},
  pages={2980--2988},
  year={2015}
}

@article{kingma2013auto,
  title={Auto-encoding variational bayes},
  author={Kingma, Diederik P and Welling, Max},
  journal={arXiv preprint arXiv:1312.6114},
  year={2013}
}

@inproceedings{karamanolakis2018item,
  title={Item Recommendation with Variational Autoencoders and Heterogenous Priors},
  author={Karamanolakis, Giannis and Cherian, Kevin Raji and Narayan, Ananth Ravi and Yuan, Jie and Tang, Da and Jebara, Tony},
  booktitle={Proceedings of the 12th ACM Conference on Recommender Systems},
  year={2018},
  organization={ACM}
}

@inproceedings{liang2018variational,
  title={Variational Autoencoders for Collaborative Filtering},
  author={Liang, Dawen and Krishnan, Rahul G and Hoffman, Matthew D and Jebara, Tony},
  booktitle={Proceedings of the 2018 World Wide Web Conference on World Wide Web},
  pages={689--698},
  year={2018},
  organization={International World Wide Web Conferences Steering Committee}
}

# above are the VAE for RecSys literatures.

@article{bradbury2016quasi,
  title={Quasi-recurrent neural networks},
  author={Bradbury, James and Merity, Stephen and Xiong, Caiming and Socher, Richard},
  journal={ICLR},
  year={2017}
}

@inproceedings{zhang2016architectural,
  title={Architectural complexity measures of recurrent neural networks},
  author={Zhang, Saizheng and Wu, Yuhuai and Che, Tong and Lin, Zhouhan and Memisevic, Roland and Salakhutdinov, Ruslan R and Bengio, Yoshua},
  booktitle={NIPS},
  year={2016}
}

@inproceedings{wu2016personal,
  title={Personal recommendation using deep recurrent neural networks in NetEase},
  author={Wu, Sai and Ren, Weichao and Yu, Chengchao and Chen, Gang and Zhang, Dongxiang and Zhu, Jingbo},
  booktitle={ICDE},
  year={2016},
}

@article{wu2016google,
  title={Google's neural machine translation system: Bridging the gap between human and machine translation},
  author={Wu, Yonghui and Schuster, Mike and Chen, Zhifeng and Le, Quoc V and Norouzi, Mohammad and Macherey, Wolfgang and Krikun, Maxim and Cao, Yuan and Gao, Qin and Macherey, Klaus and others},
  journal={arXiv preprint arXiv:1609.08144},
  year={2016}
}

@inproceedings{cao2018neural,
  title={Neural Link Prediction over Aligned Networks},
  author={Cao, Xuezhi and Chen, Haokun and Wang, Xuejian and Zhang, Weinan and Yu, Yong},
  booktitle={AAAI},
  year={2018}
}

@article{bahdanau2014neural,
  title={Neural machine translation by jointly learning to align and translate},
  author={Bahdanau, Dzmitry and Cho, Kyunghyun and Bengio, Yoshua},
  journal={ICLR},
  year={2015}
}

@inproceedings{krizhevsky2012imagenet,
  title={Imagenet classification with deep convolutional neural networks},
  author={Krizhevsky, Alex and Sutskever, Ilya and Hinton, Geoffrey E},
  booktitle={NIPS},
  year={2012}
}

@inproceedings{DiemertMeynet2017,
  author = {{Diemert Eustache, Meynet Julien} and Galland, Pierre and Lefortier, Damien},
  title={Attribution Modeling Increases Efficiency of Bidding in Display Advertising},
  publisher = {ACM},
  booktitle = {ADKDD},
  year = {2017}
}

@article{hochreiter1997long,
  title={Long short-term memory},
  author={Hochreiter, Sepp and Schmidhuber, J{\"u}rgen},
  journal={Neural computation},
  year={1997},
}

@article{gordon1985tree,
  title={Tree-structured survival analysis.},
  author={Gordon, Louis and Olshen, Richard A},
  journal={Cancer treatment reports},
  year={1985}
}

@article{mason2002areas,
  title={Areas beneath the relative operating characteristics (ROC) and relative operating levels (ROL) curves: Statistical significance and interpretation},
  author={Mason, Simon J and Graham, Nicholas E},
  journal={Quarterly Journal of the Royal Meteorological Society},
  year={2002},
}

@article{bhattacharya2002median,
  title={Median of the p value under the alternative hypothesis},
  author={Bhattacharya, Bhaskar and Habtzghi, Desale},
  journal={The American Statistician},
  year={2002},
}

@article{harrell1984regression,
  title={Regression modelling strategies for improved prognostic prediction},
  author={Harrell, Frank E and Lee, Kerry L and Califf, Robert M and Pryor, David B and Rosati, Robert A},
  journal={Statistics in medicine},
  year={1984},
}

@inproceedings{alaa2017deep,
  title={Deep multi-task gaussian processes for survival analysis with competing risks},
  author={Alaa, Ahmed M and van der Schaar, Mihaela},
  booktitle={NIPS},
  year={2017}
}

@article{ranganath2016deep,
  title={Deep survival analysis},
  author={Ranganath, Rajesh and Perotte, Adler and Elhadad, No{\'e}mie and Blei, David},
  journal={arXiv preprint arXiv:1608.02158},
  year={2016}
}

@inproceedings{bignazoli2005partial,
  title={The Partial Logistic Artificial Neural Network (PLANN): a tool for the flexible modelling of censored survival data},
  author={Bignazoli, EM and Borrachi, P},
  booktitle={EACDA},
  year={2005}
}

@book{lee2003statistical,
  title={Statistical methods for survival data analysis},
  author={Lee, Elisa T and Wang, John},
  volume={476},
  year={2003},
  publisher={John Wiley \& Sons}
}

@article{park2007l1,
  title={L1-regularization path algorithm for generalized linear models},
  author={Park, Mee Young and Hastie, Trevor},
  journal={Journal of the Royal Statistical Society: Series B (Statistical Methodology)},
  year={2007},
}

@article{luck2017deep,
  title={Deep Learning for Patient-Specific Kidney Graft Survival Analysis},
  author={Luck, Margaux and Sylvain, Tristan and Cardinal, H{\'e}lo{\"\i}se and Lodi, Andrea and Bengio, Yoshua},
  journal={arXiv preprint arXiv:1705.10245},
  year={2017}
}

@article{katzman2016deep,
  title={Deep survival: A deep cox proportional hazards network},
  author={Katzman, Jared and Shaham, Uri and Bates, Jonathan and Cloninger, Alexander and Jiang, Tingting and Kluger, Yuval},
  journal={arXiv preprint arXiv:1606.00931},
  year={2016}
}

@inproceedings{yu2011learning,
  title={Learning patient-specific cancer survival distributions as a sequence of dependent regressors},
  author={Yu, Chun-Nam and Greiner, Russell and Lin, Hsiu-Chin and Baracos, Vickie},
  booktitle={NIPS},
  pages={1845--1853},
  year={2011}
}

@inproceedings{Li2016mtlsa,
  title = {A Multi-Task Learning Formulation for Survival Analysis},
  author={Li, Yan and Wang, Jie and Ye, Jieping and Reddy, Chandan K},
  booktitle={KDD},
  year={2016},
}

@incollection{cox1992regression,
  title={Regression models and life-tables},
  author={Cox, David R},
  booktitle={Breakthroughs in statistics},
  year={1992},
  publisher={Springer}
}

@inproceedings{pan2008one,
  title={One-class collaborative filtering},
  author={Pan, Rong and Zhou, Yunhong and Cao, Bin and Liu, Nathan N and Lukose, Rajan and Scholz, Martin and Yang, Qiang},
  booktitle={ICDM},
  year={2008}
}

@inproceedings{marlin2009collaborative,
  title={Collaborative prediction and ranking with non-random missing data},
  author={Marlin, Benjamin M and Zemel, Richard S},
  booktitle={RecSys},
  year={2009}
}

@article{garcia2010pattern,
  title={Pattern classification with missing data: a review},
  author={Garc{\'\i}a-Laencina, Pedro J and Sancho-G{\'o}mez, Jos{\'e}-Luis and Figueiras-Vidal, An{\'\i}bal R},
  journal={Neural Computing and Applications},
  year={2010}
}

@article{kaplan1958nonparametric,
  title={Nonparametric estimation from incomplete observations},
  author={Kaplan, Edward L and Meier, Paul},
  journal={Journal of the American statistical association},
  year={1958},
  publisher={Taylor \& Francis}
}

@inproceedings{yuan2014empirical,
  title={An empirical study of reserve price optimisation in real-time bidding},
  author={Yuan, Shuai and Wang, Jun and Chen, Bowei and Mason, Peter and Seljan, Sam},
  booktitle={KDD},
  year={2014},
}

@inproceedings{zhu2016deep,
  title={Deep convolutional neural network for survival analysis with pathological images},
  author={Zhu, Xinliang and Yao, Jiawen and Huang, Junzhou},
  booktitle={BIBM},
  year={2016},
}

@inproceedings{zhang2014multi,
  title={Multi-touch attribution in online advertising with survival theory},
  author={Zhang, Ya and Wei, Yi and Ren, Jianbiao},
  booktitle={ICDM},
  year={2014},
}

@article{faraggi1995neural,
  title={A neural network model for survival data},
  author={Faraggi, David and Simon, Richard},
  journal={Statistics in medicine},
  year={1995},
}

@inproceedings{chen2016deep,
  title={Deep ctr prediction in display advertising},
  author={Chen, Junxuan and Sun, Baigui and Li, Hao and Lu, Hongtao and Hua, Xian-Sheng},
  booktitle={Multimedia},
  year={2016},
}

@article{ren2018bid,
  title={Bidding Machine: Learning to Bid for Directly Optimizing Profits in Display Advertising},
  author={Ren, Kan and Zhang, Weinan and Chang, Ke and Rong, Yifei and Yu, Yong and Wang, Jun},
  journal={TKDE},
  year={2018},
}

@article{bhattacharya2002median,
  title={Median of the p value under the alternative hypothesis},
  author={Bhattacharya, Bhaskar and Habtzghi, Desale},
  journal={The American Statistician},
  year={2002},
}

@book{rapoport1965prisoner,
  title={Prisoner's dilemma: A study in conflict and cooperation},
  author={Rapoport, Anatol and Chammah, Albert M},
  year={1965},
}

@article{kuhn2008prisoner,
  title={Prisoner's Dilemma},
  author={Kuhn, Steven},
  journal={Stanford Encyclopedia of Philosophy},
  year={2008}
}

@book{menezes2005introduction,
  title={An introduction to auction theory},
  author={Menezes, Flavio M and Monteiro, Paulo Klinger},
  year={2005},
  publisher={OUP Oxford}
}

@phdthesis{zhang2016optimal,
  title={Optimal Real-Time Bidding for Display Advertising},
  author={Zhang, W},
  year={2016},
  school={UCL (University College London)}
}

@inproceedings{wang2016functional,
  title={Functional bid landscape forecasting for display advertising},
  author={Wang, Yuchen and Ren, Kan and Zhang, Weinan and Wang, Jun and Yu, Yong},
  booktitle={ECML-PKDD},
  year={2016},
}

@inproceedings{qu2016product,
  title={Product-based neural networks for user response prediction},
  author={Qu, Yanru and Cai, Han and Ren, Kan and Zhang, Weinan and Yu, Yong and Wen, Ying and Wang, Jun},
  booktitle={ICDM},
  year={2016}
}

@inproceedings{zhang2017managing,
  title={Managing Risk of Bidding in Display Advertising},
  author={Zhang, H and Zhang, W and Wang, J and Rong, Y},
  booktitle={WSDM},
  year={2017},
}

@inproceedings{cai2017real,
  title={Real-Time Bidding by Reinforcement Learning in Display Advertising},
  author={Cai, Han and Ren, Kan and Zhang, Weinan and Malialis, Kleanthis and Wang, Jun and Yu, Yong and Guo, Defeng},
  booktitle={WSDM},
  year={2017},
}

@inproceedings{lin2016combining,
  title={Combining Powers of Two Predictors in Optimizing Real-Time Bidding Strategy under Constrained Budget},
  author={Lin, Chi-Chun and Chuang, Kun-Ta and Wu, Wush Chi-Hsuan and Chen, Ming-Syan},
  booktitle={CIKM},
  year={2016},
}

@inproceedings{ren2016user,
  title={User response learning for directly optimizing campaign performance in display advertising},
  author={Ren, Kan and Zhang, Weinan and Rong, Yifei and Zhang, Haifeng and Yu, Yong and Wang, Jun},
  booktitle={CIKM},
  year={2016},
}

@inproceedings{perlich2012bid,
  title={Bid optimizing and inventory scoring in targeted online advertising},
  author={Perlich, Claudia and Dalessandro, Brian and Hook, Rod and Stitelman, Ori and Raeder, Troy and Provost, Foster},
  booktitle={KDD},
  year={2012},
}

@book{shawe2004kernel,
  title={Kernel methods for pattern analysis},
  author={Shawe-Taylor, John and Cristianini, Nello},
  year={2004},
  publisher={Cambridge university press}
}

@incollection{muthukrishnan2009ad,
  title={Ad exchanges: Research issues},
  author={Muthukrishnan, S},
  booktitle={Internet and network economics},
  pages={1--12},
  year={2009},
  publisher={Springer}
}

@article{zhang2014real,
  title={Real-Time Bidding Benchmarking with iPinYou Dataset},
  author={Zhang, Weinan and Yuan, Shuai and Wang, Jun},
  journal={arXiv:1407.7073},
  year={2014}
}

@article{zhang2016optimal,
  title={Optimal Real-Time Bidding Frameworks Discussion},
  author={Zhang, Weinan and Ren, Kan and Wang, Jun},
  journal={arXiv:1602.01007},
  year={2016}
}

@inproceedings{zhang2016bidaware,
  title={Bid-aware Gradient Descent for Unbiased Learning with Censored Data in Display Advertising},
  author={Zhang, Weinan and Zhou, Tianxiong and Wang, Jun and Xu, Jian},
  booktitle={KDD},
  year={2016}
}

@inproceedings{graepel2010web,
  title={Web-scale bayesian click-through rate prediction for sponsored search advertising in microsoft's bing search engine},
  author={Graepel, Thore and Candela, Joaquin Q and Borchert, Thomas and Herbrich, Ralf},
  booktitle={ICML},
  pages={13--20},
  year={2010}
}

@inproceedings{he2014practical,
  title={Practical lessons from predicting clicks on ads at facebook},
  author={He, Xinran and Pan, Junfeng and Jin, Ou and Xu, Tianbing and Liu, Bo and Xu, Tao and Shi, Yanxin and Atallah, Antoine and Herbrich, Ralf and Bowers, Stuart and others},
  booktitle={ADKDD},
  year={2014},
}

@inproceedings{oentaryo2014predicting,
  title={Predicting response in mobile advertising with hierarchical importance-aware factorization machine},
  author={Oentaryo, Richard J and Lim, Ee-Peng and Low, Jia-Wei and Lo, David and Finegold, Michael},
  booktitle={WSDM},
  year={2014},
}

@inproceedings{mcmahan2013ad,
  title={Ad click prediction: a view from the trenches},
  author={McMahan, H Brendan and Holt, Gary and Sculley, David and Young, Michael and Ebner, Dietmar and Grady, Julian and Nie, Lan and Phillips, Todd and Davydov, Eugene and Golovin, Daniel and others},
  booktitle={KDD},
  year={2013},
}

@inproceedings{richardson2007predicting,
  title={Predicting clicks: estimating the click-through rate for new ads},
  author={Richardson, Matthew and Dominowska, Ewa and Ragno, Robert},
  booktitle={WWW},
  pages={521--530},
  year={2007},
  organization={ACM}
}

@inproceedings{cui2011bid,
  title={Bid landscape forecasting in online ad exchange marketplace},
  author={Cui, Ying and Zhang, Ruofei and Li, Wei and Mao, Jianchang},
  booktitle={KDD},
  year={2011},
}

@inproceedings{chapelle2015offline,
  title={Offline evaluation of response prediction in online advertising auctions},
  author={Chapelle, Olivier},
  booktitle={WWW},
  year={2015},
}

@inproceedings{zhang2014optimal,
  title={Optimal real-time bidding for display advertising},
  author={Zhang, Weinan and Yuan, Shuai and Wang, Jun},
  booktitle={KDD},
  year={2014},
}

@article{cetintas2013forecasting,
  title={Forecasting user visits for online display advertising},
  author={Cetintas, Suleyman and Chen, Datong and Si, Luo},
  journal={Information retrieval},
  volume={16},
  number={3},
  pages={369--390},
  year={2013},
  publisher={Springer}
}

@inproceedings{zhang2015statistical,
  title={Statistical Arbitrage Mining for Display Advertising},
  author={Zhang, Weinan and Wang, Jun},
  booktitle={KDD},
  year={2015},
}

@inproceedings{ostrovsky2011reserve,
  title={Reserve prices in internet advertising auctions: A field experiment},
  author={Ostrovsky, Michael and Schwarz, Michael},
  booktitle={EC},
  pages={59--60},
  year={2011},
  organization={ACM}
}

@inproceedings{zhang2016feedback,
  title={Feedback Control of Real-Time Display Advertising},
  booktitle={WSDM},
  author={Zhang, Weinan and Rong, Yifei and Wang, Jun and Zhu, Tianchi and Wang, Xiaofan},
  year={2016}
}

@inproceedings{liao2014ipinyou,
  title={iPinYou global rtb bidding algorithm competition dataset},
  author={Liao, Hairen and Peng, Lingxiao and Liu, Zhenchuan and Shen, Xuehua},
  booktitle={ADKDD},
  year={2014},
}

@article{wang2017display,
  title={Display Advertising with Real-Time Bidding (RTB) and Behavioural Targeting},
  author={Wang, Jun and Zhang, Weinan and Yuan, Shuai},
  journal={Now Publisher},
  year={2017}
}

@article{amin2012budget,
  title={Budget optimization for sponsored search: Censored learning in {MDP}s},
  author={Amin, Kareem and Kearns, Michael and Key, Peter and Schwaighofer, Anton},
  journal={UAI},
  year={2012}
}

@article{google2012arrival,
  title={The Arrival of Real-Time Bidding and What it Means for Media Buyers},
  author={Google},
  journal={Google White Paper},
  year={2012}
}

@inproceedings{lee2012estimating,
  title={Estimating conversion rate in display advertising from past erformance data},
  author={Lee, Kuang-chih and Orten, Burkay and Dasdan, Ali and Li, Wentong},
  booktitle={KDD},
  year={2012},
}

@inproceedings{lee2013real,
  title={Real time bid optimization with smooth budget delivery in online advertising},
  author={Lee, Kuang-Chih and Jalali, Ali and Dasdan, Ali},
  booktitle={KDD},
  year={2013},
}

@inproceedings{ta2015factorization,
  title={Factorization machines with follow-the-regularized-leader for CTR prediction in display advertising},
  author={Ta, Anh-Phuong},
  booktitle={Big Data (Big Data), 2015 IEEE International Conference on},
  pages={2889--2891},
  year={2015},
  organization={IEEE}
}

@inproceedings{menon2011response,
  title={Response prediction using collaborative filtering with hierarchies and side-information},
  author={Menon, Aditya Krishna and Chitrapura, Krishna-Prasad and Garg, Sachin and Agarwal, Deepak and Kota, Nagaraj},
  booktitle={KDD},
  year={2011}
}

@inproceedings{agarwal2009spatio,
  title={Spatio-temporal models for estimating click-through rate},
  author={Agarwal, Deepak and Chen, Bee-Chung and Elango, Pradheep},
  booktitle={WWW},
  year={2009}
}

@inproceedings{agarwal2010estimating,
  title={Estimating rates of rare events with multiple hierarchies through scalable log-linear models},
  author={Agarwal, Deepak and Agrawal, Rahul and Khanna, Rajiv and Kota, Nagaraj},
  booktitle={KDD},
  year={2010}
}

@article{zhang2016deep,
  title={Deep Learning over Multi-field Categorical Data: A Case Study on User Response Prediction},
  author={Zhang, Weinan and Du, Tianming and Wang, Jun},
  journal={ECIR},
  year={2016}
}

@techreport{edelman2005internet,
  title={Internet advertising and the generalized second price auction: Selling billions of dollars worth of keywords},
  author={Edelman, Benjamin and Ostrovsky, Michael and Schwarz, Michael},
  year={2005},
  institution={National Bureau of Economic Research}
}

@inproceedings{chen2011real,
  title={Real-time bidding algorithms for performance-based display ad allocation},
  author={Chen, Ye and Berkhin, Pavel and Anderson, Bo and Devanur, Nikhil R},
  booktitle={Proceedings of the 17th ACM SIGKDD international conference on Knowledge discovery and data mining},
  pages={1307--1315},
  year={2011},
  organization={ACM}
}

@incollection{li2014programmatic,
  title={Programmatic buying bidding strategies with win rate and winning price estimation in real time mobile advertising},
  author={Li, Xiang and Guan, Devin},
  booktitle={Advances in Knowledge Discovery and Data Mining},
  pages={447--460},
  year={2014},
  publisher={Springer}
}

@inproceedings{xu2016lift,
  title={Lift-based bidding in ad selection},
  author={Xu, Jian and Shao, Xuhui and Ma, Jianjie and Lee, Kuang-chih and Qi, Hang and Lu, Quan},
  booktitle={Thirtieth AAAI Conference on Artificial Intelligence},
  year={2016}
}

@inproceedings{wu2015predicting,
  title={Predicting Winning Price in Real Time Bidding with Censored Data},
  author={Wu, Wush Chi-Hsuan and Yeh, Mi-Yen and Chen, Ming-Syan},
  booktitle={KDD},
  year={2015},
}

@inproceedings{zhu2017gamma, 
  author={W. Y. Zhu and W. Y. Shih and Y. H. Lee and W. C. Peng and J. L. Huang}, 
  booktitle={2017 IEEE International Conference on Big Data (Big Data)}, 
  title={A gamma-based regression for winning price estimation in real-time bidding advertising}, 
  year={2017}, 
  pages={1610-1619}, 
  month={Dec},}

@inproceedings{lang2012handling,
  title={Handling forecast errors while bidding for display advertising},
  author={Lang, Kevin J and Moseley, Benjamin and Vassilvitskii, Sergei},
  booktitle={Proceedings of the 21st international conference on World Wide Web},
  pages={371--380},
  year={2012},
  organization={ACM}
}

@article{friedman2000additive,
  title={Additive logistic regression: a statistical view of boosting (with discussion and a rejoinder by the authors)},
  author={Friedman, Jerome and Hastie, Trevor and Tibshirani, Robert and others},
  journal={The annals of statistics},
  volume={28},
  number={2},
  pages={337--407},
  year={2000}
}

@inproceedings{yuan2013real,
  title={Real-time bidding for online advertising: measurement and analysis},
  author={Yuan, Shuai and Wang, Jun and Zhao, Xiaoxue},
  booktitle={ADKDD},
  year={2013},
}

@book{krishna2009auction,
  title={Auction theory},
  author={Krishna, Vijay},
  year={2009},
  publisher={Academic press}
}

@book{berger2013statistical,
  title={Statistical decision theory and Bayesian analysis},
  author={Berger, James O},
  year={2013},
  publisher={Springer Science \& Business Media}
}

@article{vasile2016cost,
  title={Cost-sensitive Learning for Bidding in Online Advertising Auctions},
  author={Vasile, Flavian and Lefortier, Damien},
  journal={NIPS Workshop: Machine Learning for eCommerce},
  year={2015}
}

@inproceedings{wang2013real,
  title={Real-time bidding: A new frontier of computational advertising research},
  author={Wang, Jun and Yuan, Shuai},
  booktitle={CIKM Tutorial},
  year={2013}
}

@inproceedings{liu2015convolutional,
  title={A Convolutional Click Prediction Model},
  author={Liu, Qiang and Yu, Feng and Wu, Shu and Wang, Liang},
  booktitle={Proceedings of the 24th ACM International on Conference on Information and Knowledge Management},
  pages={1743--1746},
  year={2015},
  organization={ACM}
}

@article{lecun2015deep,
  title={Deep learning},
  author={LeCun, Yann and Bengio, Yoshua and Hinton, Geoffrey},
  journal={Nature},
  year={2015},
  publisher={Nature Publishing Group}
}

@inproceedings{krizhevsky2012imagenet,
  title={Imagenet classification with deep convolutional neural networks},
  author={Krizhevsky, Alex and Sutskever, Ilya and Hinton, Geoffrey E},
  booktitle={Advances in neural information processing systems},
  pages={1097--1105},
  year={2012}
}

@inproceedings{graves2013speech,
  title={Speech recognition with deep recurrent neural networks},
  author={Graves, Alan and Mohamed, Abdel-rahman and Hinton, Geoffrey},
  booktitle={Acoustics, Speech and Signal Processing (ICASSP), 2013 IEEE International Conference on},
  pages={6645--6649},
  year={2013},
  organization={IEEE}
}

@inproceedings{mikolov2013linguistic,
  title={Linguistic Regularities in Continuous Space Word Representations.},
  author={Mikolov, Tomas and Yih, Wen-tau and Zweig, Geoffrey},
  booktitle={HLT-NAACL},
  pages={746--751},
  year={2013}
}

@article{bengio2009learning,
  title={Learning deep architectures for AI},
  author={Bengio, Yoshua},
  journal={Foundations and trends{\textregistered} in Machine Learning},
  volume={2},
  number={1},
  pages={1--127},
  year={2009},
  publisher={Now Publishers Inc.}
}

@article{zhang2014sequential,
  title={Sequential click prediction for sponsored search with recurrent neural networks},
  author={Zhang, Yuyu and Dai, Hanjun and Xu, Chang and Feng, Jun and Wang, Taifeng and Bian, Jiang and Wang, Bin and Liu, Tie-Yan},
  journal={arXiv preprint arXiv:1404.5772},
  year={2014}
}

@inproceedings{rendle2010factorization,
  title={Factorization machines},
  author={Rendle, Steffen},
  booktitle={ICDM},
  year={2010}
}

@article{kingma2014adam,
  title={Adam: A method for stochastic optimization},
  author={Kingma, Diederik and Ba, Jimmy},
  journal={arXiv preprint arXiv:1412.6980},
  year={2014}
}

@inproceedings{huang2013learning,
  title={Learning deep structured semantic models for web search using clickthrough data},
  author={Huang, Po-Sen and He, Xiaodong and Gao, Jianfeng and Deng, Li and Acero, Alex and Heck, Larry},
  booktitle={Proceedings of the 22nd ACM international conference on Conference on information \& knowledge management},
  pages={2333--2338},
  year={2013},
  organization={ACM}
}

@inproceedings{mikolov2013distributed,
  title={Distributed representations of words and phrases and their compositionality},
  author={Mikolov, Tomas and Sutskever, Ilya and Chen, Kai and Corrado, Greg S and Dean, Jeff},
  booktitle={Advances in neural information processing systems},
  pages={3111--3119},
  year={2013}
}

@article{larochelle2009exploring,
  title={Exploring strategies for training deep neural networks},
  author={Larochelle, Hugo and Bengio, Yoshua and Louradour, J{\'e}r{\^o}me and Lamblin, Pascal},
  journal={The Journal of Machine Learning Research},
  volume={10},
  pages={1--40},
  year={2009},
  publisher={JMLR. org}
}

@inproceedings{nair2010rectified,
  title={Rectified linear units improve restricted boltzmann machines},
  author={Nair, Vinod and Hinton, Geoffrey E},
  booktitle={Proceedings of the 27th International Conference on Machine Learning (ICML-10)},
  pages={807--814},
  year={2010}
}

@book{murphy2012machine,
  title={Machine learning: a probabilistic perspective},
  author={Murphy, Kevin P},
  year={2012},
  publisher={MIT press}
}

@article{engelbrecht1999training,
  title={Training product unit neural networks},
  author={Engelbrecht, Andries P and Engelbrecht, Ap and Ismail, A},
  year={1999},
  publisher={Citeseer}
}

@inproceedings{bergh2001training,
  title={Training product unit networks using cooperative particle swarm optimizers},
  author={Bergh, F and Engelbrecht, AP},
  booktitle={Proceedings of International Joint Conference on Neural Networks, Washington},
  volume={1},
  pages={126--131},
  year={2001}
}

@article{piotrowski2012product,
  title={Product-Units neural networks for catchment runoff forecasting},
  author={Piotrowski, Adam P and Napiorkowski, Jaros{\l}aw J},
  journal={Advances in Water Resources},
  volume={49},
  pages={97--113},
  year={2012},
  publisher={Elsevier}
}

@inproceedings{yuan2014survey,
  title={A survey on real time bidding advertising},
  author={Yuan, Yong and Wang, Feiyue and Li, Juanjuan and Qin, Rui},
  booktitle={Service Operations and Logistics, and Informatics (SOLI), 2014 IEEE International Conference on},
  pages={418--423},
  year={2014},
  organization={IEEE}
}

@inproceedings{agarwal2014budget,
  title={Budget pacing for targeted online advertisements at LinkedIn},
  author={Agarwal, Deepak and Ghosh, Souvik and Wei, Kai and You, Siyu},
  booktitle={Proceedings of the 20th ACM SIGKDD international conference on Knowledge discovery and data mining},
  pages={1613--1619},
  year={2014},
  organization={ACM}
}

@inproceedings{mcmahan2011follow,
  title={Follow-the-Regularized-Leader and Mirror Descent: Equivalence Theorems and L1 Regularization.},
  author={McMahan, H Brendan},
  booktitle={AISTATS},
  pages={525--533},
  year={2011}
}

@article{rendle2012factorization,
  title={Factorization machines with libfm},
  author={Rendle, Steffen},
  journal={TIST},
  year={2012}
}

@article{duchi2009efficient,
  title={Efficient online and batch learning using forward backward splitting},
  author={Duchi, John and Singer, Yoram},
  journal={Journal of Machine Learning Research},
  volume={10},
  number={Dec},
  pages={2899--2934},
  year={2009}
}

@article{xiao2010dual,
  title={Dual averaging methods for regularized stochastic learning and online optimization},
  author={Xiao, Lin},
  journal={Journal of Machine Learning Research},
  volume={11},
  number={Oct},
  pages={2543--2596},
  year={2010}
}

@inproceedings{McAuley2015IRS,
  author = {McAuley, Julian and Targett, Christopher and Shi, Qinfeng and van den Hengel, Anton},
  title = {Image-Based Recommendations on Styles and Substitutes},
  booktitle = {SIGIR},
  year = {2015}
}

@inproceedings{zhu2018learning,
  title={Learning Tree-based Deep Model for Recommender Systems},
  author={Zhu, Han and Li, Xiang and Zhang, Pengye and Li, Guozheng and He, Jie and Li, Han and Gai, Kun},
  booktitle={KDD},
  year={2018}
}

@inproceedings{cao2016complete,
  title={A Complete \& Comprehensive Movie Review Dataset (CCMR)},
  author={Cao, Xuezhi and Huang, Weiyue and Yu, Yong},
  booktitle={SIGIR},
  pages={661--664},
  year={2016},
  organization={ACM}
}

@inproceedings{koren2008factorization,
  title={Factorization meets the neighborhood: a multifaceted collaborative filtering model},
  author={Koren, Yehuda},
  booktitle={SIGKDD},
  pages={426--434},
  year={2008},
  organization={ACM}
}

@inproceedings{lu2016hierarchical,
  title={Hierarchical question-image co-attention for visual question answering},
  author={Lu, Jiasen and Yang, Jianwei and Batra, Dhruv and Parikh, Devi},
  booktitle={Advances In Neural Information Processing Systems},
  pages={289--297},
  year={2016}
}

@inproceedings{hu2018local,
  title={Local and Global Information Fusion for Top-N Recommendation in Heterogeneous Information Network},
  author={Hu, Binbin and Shi, Chuan and Zhao, Wayne Xin and Yang, Tianchi},
  booktitle={Proceedings of the 27th ACM International Conference on Information and Knowledge Management},
  pages={1683--1686},
  year={2018},
  organization={ACM}
}

@article{velivckovic2017graph,
  title={Graph attention networks},
  author={Veli{\v{c}}kovi{\'c}, Petar and Cucurull, Guillem and Casanova, Arantxa and Romero, Adriana and Lio, Pietro and Bengio, Yoshua},
  journal={arXiv preprint arXiv:1710.10903},
  year={2017}
}

@inproceedings{hamilton2017inductive,
  title={Inductive representation learning on large graphs},
  author={Hamilton, Will and Ying, Zhitao and Leskovec, Jure},
  booktitle={Advances in Neural Information Processing Systems},
  pages={1024--1034},
  year={2017}
}

@article{bruna2013spectral,
  title={Spectral networks and locally connected networks on graphs},
  author={Bruna, Joan and Zaremba, Wojciech and Szlam, Arthur and LeCun, Yann},
  journal={arXiv preprint arXiv:1312.6203},
  year={2013}
}

@inproceedings{cheng2018delf,
  title={DELF: A Dual-Embedding based Deep Latent Factor Model for Recommendation.},
  author={Cheng, Weiyu and Shen, Yanyan and Zhu, Yanmin and Huang, Linpeng},
  booktitle={IJCAI},
  pages={3329--3335},
  year={2018}
}

@inproceedings{vaswani2017attention,
  title={Attention is all you need},
  author={Vaswani, Ashish and Shazeer, Noam and Parmar, Niki and Uszkoreit, Jakob and Jones, Llion and Gomez, Aidan N and Kaiser, {\L}ukasz and Polosukhin, Illia},
  booktitle={Advances in neural information processing systems},
  pages={5998--6008},
  year={2017}
}

@inproceedings{song2019session,
  title={Session-based Social Recommendation via Dynamic Graph Attention Networks},
  author={Song, Weiping and Xiao, Zhiping and Wang, Yifan and Charlin, Laurent and Zhang, Ming and Tang, Jian},
  booktitle={WSDM},
  pages={555--563},
  year={2019},
  organization={ACM}
}

@article{wu2019dual,
  title={Dual Graph Attention Networks for Deep Latent Representation of Multifaceted Social Effects in Recommender Systems},
  author={Wu, Qitian and Zhang, Hengrui and Gao, Xiaofeng and He, Peng and Weng, Paul and Gao, Han and Chen, Guihai},
  journal={arXiv preprint arXiv:1903.10433},
  year={2019}
}

@inproceedings{wang2018ripplenet,
  title={RippleNet: Propagating user preferences on the knowledge graph for recommender systems},
  author={Wang, Hongwei and Zhang, Fuzheng and Wang, Jialin and Zhao, Miao and Li, Wenjie and Xie, Xing and Guo, Minyi},
  booktitle={CIKM},
  pages={417--426},
  year={2018},
  organization={ACM}
}